<collection xmlns="http://www.loc.gov/MARC21/slim"><record><leader>00968nam  2200289   450</leader><controlfield tag="001">745</controlfield><controlfield tag="003">http://montalegre.opacnet.com/OPAC/default.aspx?ContentAreaControl=ShowRegHoldings.ascx&amp;RegNo=16662</controlfield><datafield tag="010" ind1=" " ind2=" "><subfield code="a">972-20-0698-3</subfield></datafield><datafield tag="021" ind1=" " ind2=" "><subfield code="a">PT</subfield><subfield code="b">24942/89</subfield></datafield><datafield tag="095" ind1=" " ind2=" "><subfield code="a">PTBN00125047</subfield></datafield><datafield tag="100" ind1=" " ind2=" "><subfield code="a">19890424d1989    m  y0pora010305  ba</subfield></datafield><datafield tag="101" ind1="1" ind2=" "><subfield code="a">por</subfield><subfield code="c">cze</subfield></datafield><datafield tag="102" ind1=" " ind2=" "><subfield code="a">PT</subfield></datafield><datafield tag="105" ind1=" " ind2=" "><subfield code="a">y   z   001ay</subfield></datafield><datafield tag="106" ind1=" " ind2=" "><subfield code="a">r</subfield></datafield><datafield tag="200" ind1="1" ind2=" "><subfield code="a">&lt;A &gt;valsa do adeus</subfield><subfield code="f">Milan Kundera</subfield><subfield code="g">trad. Miguel Serras Pereira</subfield></datafield><datafield tag="205" ind1=" " ind2=" "><subfield code="a">1a ed</subfield></datafield><datafield tag="210" ind1=" " ind2=" "><subfield code="a">Lisboa</subfield><subfield code="c">Dom Quixote</subfield><subfield code="d">1989</subfield></datafield><datafield tag="215" ind1=" " ind2=" "><subfield code="a">210, [1] p.</subfield><subfield code="d">24 cm</subfield></datafield><datafield tag="225" ind1="2" ind2=" "><subfield code="a">Ficção universal</subfield><subfield code="v">44</subfield></datafield><datafield tag="304" ind1=" " ind2=" "><subfield code="a">Tít. orig. : Valeík na Rozloucenou</subfield></datafield><datafield tag="325" ind1=" " ind2=" "><subfield code="a">Texto em braille. - Porto : CPAC, 1991. - 4 vol., estenografado ; 31 cm</subfield></datafield><datafield tag="675" ind1=" " ind2=" "><subfield code="a">885.31 Kundera, Milan</subfield><subfield code="v">BN</subfield><subfield code="z">por</subfield></datafield><datafield tag="700" ind1=" " ind2="1"><subfield code="a">Kundera</subfield><subfield code="b">Milan</subfield><subfield code="f">1929-</subfield></datafield><datafield tag="702" ind1=" " ind2="1"><subfield code="a">Pereira</subfield><subfield code="b">Miguel Serras</subfield><subfield code="f">1949-</subfield><subfield code="4">730</subfield></datafield><datafield tag="801" ind1=" " ind2="0"><subfield code="a">PT</subfield><subfield code="b">Biblioteca Municipal de Montalegre</subfield><subfield code="g">RPC</subfield></datafield><datafield tag="856" ind1=" " ind2=" "><subfield code="u">locateMedia.asp?cod=20060619162745&amp;ext=jpg</subfield><subfield code="z">CAPA</subfield></datafield><datafield tag="909" ind1="&#9;" ind2=" "><subfield code="a">1</subfield></datafield><datafield tag="966" ind1=" " ind2=" "><subfield code="a">0008902</subfield><subfield code="l">BMM</subfield><subfield code="s">SCG 821 KUN val 44</subfield></datafield></record></collection>